<?xml version="1.0" encoding="UTF-8"?><collection><record><leader>07480ntm a2200697 a 4500</leader><controlfield tag="001">006818825</controlfield><controlfield tag="003">MiAaHDL</controlfield><controlfield tag="005">20190719000000.0</controlfield><controlfield tag="006">m        d        </controlfield><controlfield tag="007">cr bn ---auaua</controlfield><controlfield tag="008">090615q18001830xx            00| ||ota d</controlfield><datafield tag="035" ind1=" " ind2=" "><subfield code="a">(MiU)006818825</subfield></datafield><datafield tag="035" ind1=" " ind2=" "><subfield code="a">sdr-miu006818825</subfield></datafield><datafield tag="040" ind1=" " ind2=" "><subfield code="a">MiU</subfield><subfield code="c">MiU</subfield><subfield code="e">amremm</subfield></datafield><datafield tag="041" ind1="0" ind2=" "><subfield code="a">ota</subfield></datafield><datafield tag="043" ind1=" " ind2=" "><subfield code="a">n-us-mi</subfield></datafield><datafield tag="100" ind1="0" ind2=" "><subfield code="6">880-01</subfield><subfield code="a">Muʻīn al-Dīn Farāhī,</subfield><subfield code="d">-1501 or 1502.</subfield></datafield><datafield tag="240" ind1="1" ind2="0"><subfield code="6">880-02</subfield><subfield code="a">Maʻārij al-nubūwah fī madārij al-futūwah.</subfield><subfield code="n">jild 1.</subfield><subfield code="l">Ottoman Turkish</subfield></datafield><datafield tag="245" ind1="1" ind2="0"><subfield code="6">880-03</subfield><subfield code="a">Cild-i evvel-i Mekkî ez Tercüme-yi Maaricü'n-nübüvve fî's-siyer,</subfield><subfield code="f">[early 19th century?].</subfield></datafield><datafield tag="246" ind1="3" ind2=" "><subfield code="a">Tercüme-i Meâricü'n-nübüvve</subfield></datafield><datafield tag="246" ind1="3" ind2=" "><subfield code="a">Maâriç ün-nübüvve tercümesi</subfield></datafield><datafield tag="246" ind1="3" ind2=" "><subfield code="a">Tercüme-i Maaric ün-nübüvve cild-i evvel</subfield></datafield><datafield tag="246" ind1="3" ind2=" "><subfield code="i">Title from close on p.777:</subfield><subfield code="a">جلد المكى</subfield></datafield><datafield tag="246" ind1="3" ind2="0"><subfield code="6">880-04</subfield><subfield code="a">Tercüme-yi Maaricü'n-nübüvve</subfield></datafield><datafield tag="260" ind1=" " ind2=" "><subfield code="c">[1800-1830?].</subfield></datafield><datafield tag="300" ind1=" " ind2=" "><subfield code="a">391 leaves :</subfield><subfield code="b">paper ;</subfield><subfield code="c">235 x 165 (165 x 85) mm.</subfield></datafield><datafield tag="500" ind1=" " ind2=" "><subfield code="a">Shelfmark: Ann Arbor, University of Michigan, Special Collections Library, Isl. Ms. 374</subfield></datafield><datafield tag="500" ind1=" " ind2=" "><subfield code="a">Origin: Lacks dated colophon ; paper, decoraton, etc. would suggest early 19th century.</subfield></datafield><datafield tag="500" ind1=" " ind2=" "><subfield code="a">Former shelfmark: "419 T. De M. [i.e. Tammaro De Marinis]" inscribed in pencil on interior of upper cover.</subfield></datafield><datafield tag="500" ind1=" " ind2=" "><subfield code="a">Binding: Pasteboards covered in dark brown leather ; Type II binding (with flap), two-piece binding (seam of overlapping flanges visible at spine) ; pastedowns and flyleaves in pink wove paper (darker fibers visible within the sheet) ; upper and lower covers carry large stamped (with gold-painted recessed onlays in red-orange) mandorla (filled with vegetal composition, compare Déroche class. NSd) and pendants with tooled rosette and gold-painted accents, as well as guilloché roll border in gold ; design continues on flap ; sewn in red thread, two stations ; worked chevron endbands in pink and yellow, good condition ; overall in fairly good condition with some abrasion, lifting of leather at fore edge flap (revealing interior / flesh side of teal leather lining fore edge flap), etc.</subfield></datafield><datafield tag="500" ind1=" " ind2=" "><subfield code="a">Support: European laid paper ; mainly with 11 laid lines per cm. (vertical), chain lines spaced 25-26 mm. apart (horizontal), watermark of "C &amp; I HONIG" under crowned shield with horn (see p.2, 20, 28-29, 84, 248, etc.) and countermark "IV" (see p.6, etc.) ; another type with 10 laid lines per cm. (horizontal), chain lines spaced 20 mm. apart (vertical) and watermark of winged-figure (cherub) holding aloft banner with "ALMASSO" and "GM" (see opening leaf, p.18 and final leaf) ; all sturdy, well-burnished, and tinted a pale blue.</subfield></datafield><datafield tag="500" ind1=" " ind2=" "><subfield code="a">Decoration: Illuminated headpiece (ʻunwān / sarlawḥ) at opening of table of contents (fihris) on p.2, consisting of rectangular piece with cartouche carrying the title in red ("جلد اول مكى از ترجمۀ معارج النبوة في السير") flanked by faint gold floral motifs, surmounted by scalloped dome filled with central floral motif surrounded by swirling vegetal pattern all in same faint gold, itself surmounted by vertical stalks (tīgh) ; another fine illuminated headpiece (ʻunwān / sarlawḥ) at opening of text on p.20, consisting of rectangular piece with empty gold cartouche flanked by floral motifs in gold, surmounted by scalloped w-shaped piece filled with swirling vegetal composition with floral motifs all in gold with red accents, itself surmounted by vertical stalks (tīgh) in blue and red, entire piece set in a well of pink and light blue bands ; written area of incipit and facing page surrounded by heavy gold frame with outermost red rule, elsewhere written area surrounded by narrower faint gold frame defined by black fillets with outermost red rule, divisions within table of contents defined by narrow faint gold bands outlined by black fillets ; textual dividers in the form of gold discs ; section headings, key words and passages, and notabilia rubricated.</subfield></datafield><datafield tag="500" ind1=" " ind2=" "><subfield code="a">Script: Naskh ; clear, bold Turkish hand ; partially serifed with teardrop head-serifs on most ascenders apart from alif, slight effect of tilt to the left, many open counters, curvlinear descenders (some sweeping), pointing in distinct or conjoined dots, extensively vocalized.</subfield></datafield><datafield tag="500" ind1=" " ind2=" "><subfield code="a">Layout: Written in 21 lines per page ; frame-ruled.</subfield></datafield><datafield tag="500" ind1=" " ind2=" "><subfield code="a">Collation: i, 38 V(380), V+1 (391), i ; almost exclusively quinions ; catchwords present ; foliation in red ink, Hindu-Arabic numerals ; pagination in pencil, Western numerals, supplied during digitization.</subfield></datafield><datafield tag="500" ind1=" " ind2=" "><subfield code="a">Dedication: As appears in preface on pp.23-24, composed for Sultan Süleyman I (r.1520-1566).</subfield></datafield><datafield tag="500" ind1=" " ind2=" "><subfield code="a">Explicit: "صكره مدينه كلدى بعض رواياتده زبير برينه طلحه بن عبد الله ديرلر تم الجلد المكى ويتلوه الجلد المدنى م"</subfield></datafield><datafield tag="500" ind1=" " ind2=" "><subfield code="a">Incipit: "الله ولى التوفيق الهادى الى سبيل الصواب واحسن الطريق الاف حمد وثناء بى قياس واصناف شكر وسپاس مرصوص الاساس جناب حقه جل وعلا كه مشيت شرف غايتى ... سبب تحرير كتاب وباعث تذكير خطاب در ..."</subfield></datafield><datafield tag="500" ind1=" " ind2=" "><subfield code="a">Title from headpiece at opening of table of contents on p.2.</subfield></datafield><datafield tag="500" ind1=" " ind2=" "><subfield code="a">Ms. codex.</subfield></datafield><datafield tag="510" ind1="4" ind2=" "><subfield code="a">Shelley and his circle 1773-1822, volume 7 (1986),</subfield><subfield code="c">p.810</subfield></datafield><datafield tag="510" ind1="4" ind2=" "><subfield code="a">Voorn, Henk. De papiermolens in de provincie Noord-Holland. (Haarlem: Papierwereld, 1960),</subfield><subfield code="c">p.554</subfield></datafield><datafield tag="510" ind1="4" ind2=" "><subfield code="a">Ḥājjī Khalīfah. Kashf al-ẓunūn,</subfield><subfield code="c">v 608</subfield></datafield><datafield tag="510" ind1="4" ind2=" "><subfield code="a">Hagen, Gottfried. "Translations and translators in a multilingual society: a case study of Persian-Ottoman translations, late fifteenth to early seventeenth century" In Eurasian Studies, II/1. 2003. 95-134.</subfield></datafield><datafield tag="520" ind1="8" ind2=" "><subfield code="a">Elegant first volume (addressing Mecca, roughly the muqaddimah through rukn 3) of the translation by Muṣṭafá ibn Jalāl, i.e. Mustafa Çelebi Celâlzade, known as Koca Nişancî (d.1567), of the voluminous biographical work on the life of the Prophet by Muʻīn al-Dīn Muḥammad ibn Amīn al-Farāhī al-Haravī, known as Mullā Miskīn or Muʻīn al-Miskīn (d.1501 or 2). Table of contents at opening (pp.2-15).</subfield></datafield><datafield tag="538" ind1=" " ind2=" "><subfield code="a">Mode of access: Internet.</subfield></datafield><datafield tag="541" ind1=" " ind2=" "><subfield code="c">Purchase ;</subfield><subfield code="a">Acquired by purchase (funds donated by Horace Rackham).</subfield><subfield code="d">1924.</subfield></datafield><datafield tag="546" ind1=" " ind2=" "><subfield code="a">Ottoman Turkish.</subfield></datafield><datafield tag="561" ind1=" " ind2=" "><subfield code="a">Occasional notabilia (sideheads), usually rubricated.</subfield></datafield><datafield tag="600" ind1="0" ind2="0"><subfield code="a">Muḥammad,</subfield><subfield code="c">Prophet,</subfield><subfield code="d">-632</subfield><subfield code="v">Early works to 1800.</subfield></datafield><datafield tag="650" ind1=" " ind2="0"><subfield code="a">Manuscripts, Turkish</subfield><subfield code="z">Michigan</subfield><subfield code="z">Ann Arbor.</subfield></datafield><datafield tag="650" ind1=" " ind2="0"><subfield code="a">Islam</subfield><subfield code="x">History</subfield><subfield code="v">Early works to 1800.</subfield></datafield><datafield tag="655" ind1=" " ind2="7"><subfield code="a">Headpieces (layout features)</subfield><subfield code="y">19th century.</subfield><subfield code="2">aat</subfield></datafield><datafield tag="700" ind1="0" ind2=" "><subfield code="a">Abdülhamid</subfield><subfield code="b">II,</subfield><subfield code="c">Sultan of the Turks,</subfield><subfield code="d">1842-1918,</subfield><subfield code="e">former owner.</subfield></datafield><datafield tag="700" ind1="0" ind2=" "><subfield code="6">880-05</subfield><subfield code="a">Mustafa Çelebi Celâlzade,</subfield><subfield code="d">-1567.</subfield><subfield code="e">translator.</subfield></datafield><datafield tag="773" ind1="0" ind2=" "><subfield code="a">Abdul Hamid Collection.</subfield></datafield><datafield tag="880" ind1="0" ind2=" "><subfield code="6">700-05/</subfield><subfield code="a">مصطفى چلبى جلالزاده،</subfield><subfield code="e">مترجم.</subfield></datafield><datafield tag="880" ind1="3" ind2="0"><subfield code="6">246-04/</subfield><subfield code="a">ترجمۀ معارج النبوه</subfield></datafield><datafield tag="880" ind1="1" ind2="0"><subfield code="6">245-03/</subfield><subfield code="a">جلد اول مكى از ترجمۀ معارج النبوة في السير,</subfield><subfield code="f">[القرن 19م؟].</subfield></datafield><datafield tag="880" ind1="1" ind2="0"><subfield code="6">240-02/</subfield><subfield code="a">معارج النبوة في مدارج الفتوة.</subfield><subfield code="n">جلد 1</subfield></datafield><datafield tag="880" ind1="0" ind2=" "><subfield code="6">100-01/</subfield><subfield code="a">معين الدين فراهى.</subfield></datafield><datafield tag="CID" ind1=" " ind2=" "><subfield code="a">006818825</subfield></datafield><datafield tag="DAT" ind1="0" ind2=" "><subfield code="a">20190719102639.0</subfield><subfield code="b">20190719000000.0</subfield></datafield><datafield tag="DAT" ind1="1" ind2=" "><subfield code="a">20190719090653.0</subfield><subfield code="b">2019-07-19T16:10:59Z</subfield></datafield><datafield tag="DAT" ind1="2" ind2=" "><subfield code="a">2015-10-10T18:00:06Z</subfield></datafield><datafield tag="CAT" ind1=" " ind2=" "><subfield code="a">SDR-MIU</subfield><subfield code="d">EX LIBRIS - ALEPH</subfield><subfield code="l">prepare.pl-004-008</subfield></datafield><datafield tag="FMT" ind1=" " ind2=" "><subfield code="a">BK</subfield></datafield><datafield tag="HOL" ind1=" " ind2=" "><subfield code="0">sdr-miu006818825</subfield><subfield code="a">MiU</subfield><subfield code="b">SDR</subfield><subfield code="c">MIU</subfield><subfield code="p">mdp.39015079130145</subfield><subfield code="s">MIU</subfield><subfield code="1">006818825</subfield></datafield><datafield tag="974" ind1=" " ind2=" "><subfield code="b">MIU</subfield><subfield code="c">MIU</subfield><subfield code="d">20190719</subfield><subfield code="s">lit-dlps-dc</subfield><subfield code="u">mdp.39015079130145</subfield><subfield code="y">1830</subfield><subfield code="r">pd</subfield><subfield code="q">exp</subfield></datafield></record></collection>